% Use this file for citations not found in the ACL Anthology (contained in "anthology.bib").


@inproceedings{tsar-2022-findings,
  title={Findings of the TSAR-2022 Shared Task on Multilingual Lexical Simplification},
  author={Saggion, Horacio and \v{S}tajner, Sanja and Ferr{\'e}s, Daniel and Sheang, Kim Cheng and Shardlow, Matthew and North, Kai and Zampieri, Marcos},
  booktitle={Proceedings of TSAR workshop held in conjunction with EMNLP 2022},
  year={2022}

}

@article{stajner-etal-2022-lexical,
AUTHOR={\v{S}tajner, Sanja and Ferr\'{e}s, Daniel and Shardlow, Matthew and North, Kai and Zampieri, Marcos and Saggion, Horacio},  
TITLE={{Lexical simplification benchmarks for English, Portuguese, and Spanish}},     
JOURNAL={Frontiers in Artificial Intelligence},     
VOLUME={5},          
YEAR={2022},     
URL={https://www.frontiersin.org/articles/10.3389/frai.2022.991242},      
DOI={10.3389/frai.2022.991242},    
ISSN={2624-8212},  
}

@article{qiang-etal-2020-lexical,
  title =  {Lexical Simplification with Pretrained Encoders },
  author = {Qiang, Jipeng and 
            Li, Yun and
            Yi, Zhu and
            Yuan, Yunhao and 
            Wu, Xindong},
  journal={Thirty-Fourth AAAI Conference on Artificial Intelligence},
  pages={8649â€“8656},
  year  =  {2020}
}

@inproceedings{brown-etal-2020-language,
 author = {Brown, Tom and Mann, Benjamin and Ryder, Nick and Subbiah, Melanie and Kaplan, Jared D and Dhariwal, Prafulla and Neelakantan, Arvind and Shyam, Pranav and Sastry, Girish and Askell, Amanda and Agarwal, Sandhini and Herbert-Voss, Ariel and Krueger, Gretchen and Henighan, Tom and Child, Rewon and Ramesh, Aditya and Ziegler, Daniel and Wu, Jeffrey and Winter, Clemens and Hesse, Chris and Chen, Mark and Sigler, Eric and Litwin, Mateusz and Gray, Scott and Chess, Benjamin and Clark, Jack and Berner, Christopher and McCandlish, Sam and Radford, Alec and Sutskever, Ilya and Amodei, Dario},
 booktitle = {Advances in Neural Information Processing Systems},
 editor = {H. Larochelle and M. Ranzato and R. Hadsell and M.F. Balcan and H. Lin},
 pages = {1877--1901},
 publisher = {Curran Associates, Inc.},
 title = {Language Models are Few-Shot Learners},
 url = {https://proceedings.neurips.cc/paper/2020/file/1457c0d6bfcb4967418bfb8ac142f64a-Paper.pdf},
 volume = {33},
 year = {2020}
}

@misc {bigscience-2022-bloom,
	author       = { BigScience, Workshop },
	title        = { {BLOOM} (Revision 4ab0472) },
	year         = 2022,
	url          = { https://huggingface.co/bigscience/bloom },
	doi          = { 10.57967/hf/0003 },
	publisher    = { Hugging Face }
}

@article{thoppilan-etal-2022-lambda,
  author    = {Romal Thoppilan and
               Daniel De Freitas and
               Jamie Hall and
               Noam Shazeer and
               Apoorv Kulshreshtha and
               Heng{-}Tze Cheng and
               Alicia Jin and
               Taylor Bos and
               Leslie Baker and
               Yu Du and
               YaGuang Li and
               Hongrae Lee and
               Huaixiu Steven Zheng and
               Amin Ghafouri and
               Marcelo Menegali and
               Yanping Huang and
               Maxim Krikun and
               Dmitry Lepikhin and
               James Qin and
               Dehao Chen and
               Yuanzhong Xu and
               Zhifeng Chen and
               Adam Roberts and
               Maarten Bosma and
               Yanqi Zhou and
               Chung{-}Ching Chang and
               Igor Krivokon and
               Will Rusch and
               Marc Pickett and
               Kathleen S. Meier{-}Hellstern and
               Meredith Ringel Morris and
               Tulsee Doshi and
               Renelito Delos Santos and
               Toju Duke and
               Johnny Soraker and
               Ben Zevenbergen and
               Vinodkumar Prabhakaran and
               Mark Diaz and
               Ben Hutchinson and
               Kristen Olson and
               Alejandra Molina and
               Erin Hoffman{-}John and
               Josh Lee and
               Lora Aroyo and
               Ravi Rajakumar and
               Alena Butryna and
               Matthew Lamm and
               Viktoriya Kuzmina and
               Joe Fenton and
               Aaron Cohen and
               Rachel Bernstein and
               Ray Kurzweil and
               Blaise Aguera{-}Arcas and
               Claire Cui and
               Marian Croak and
               Ed H. Chi and
               Quoc Le},
  title     = {LaMDA: Language Models for Dialog Applications},
  journal   = {CoRR},
  volume    = {abs/2201.08239},
  year      = {2022},
  url       = {https://arxiv.org/abs/2201.08239},
  eprinttype = {arXiv},
  eprint    = {2201.08239}
}

@article{zhang-etal-2022-opt,
  author    = {Susan Zhang and
               Stephen Roller and
               Naman Goyal and
               Mikel Artetxe and
               Moya Chen and
               Shuohui Chen and
               Christopher Dewan and
               Mona T. Diab and
               Xian Li and
               Xi Victoria Lin and
               Todor Mihaylov and
               Myle Ott and
               Sam Shleifer and
               Kurt Shuster and
               Daniel Simig and
               Punit Singh Koura and
               Anjali Sridhar and
               Tianlu Wang and
               Luke Zettlemoyer},
  title     = {{OPT:} Open Pre-trained Transformer Language Models},
  journal   = {CoRR},
  volume    = {abs/2205.01068},
  year      = {2022},
  url       = {https://doi.org/10.48550/arXiv.2205.01068},
  doi       = {10.48550/arXiv.2205.01068},
  eprinttype = {arXiv},
  eprint    = {2205.01068}
}

@article{sutton-2019-bitter,
  title={The bitter lesson},
  author={Sutton, Richard},
  journal={Incomplete Ideas (blog)},
  volume={13},
  pages={12},
  year={2019}
}

@article{wei-etal-2022-emergent,
  author    = {Jason Wei and
               Yi Tay and
               Rishi Bommasani and
               Colin Raffel and
               Barret Zoph and
               Sebastian Borgeaud and
               Dani Yogatama and
               Maarten Bosma and
               Denny Zhou and
               Donald Metzler and
               Ed H. Chi and
               Tatsunori Hashimoto and
               Oriol Vinyals and
               Percy Liang and
               Jeff Dean and
               William Fedus},
  title     = {Emergent Abilities of Large Language Models},
  journal   = {CoRR},
  volume    = {abs/2206.07682},
  year      = {2022},
  url       = {https://doi.org/10.48550/arXiv.2206.07682},
  doi       = {10.48550/arXiv.2206.07682},
  eprinttype = {arXiv},
  eprint    = {2206.07682},
  timestamp = {Tue, 21 Jun 2022 17:35:15 +0200},
  biburl    = {https://dblp.org/rec/journals/corr/abs-2206-07682.bib},
  bibsource = {dblp computer science bibliography, https://dblp.org}
}

@inproceedings{vaswani-etal-2017-attention,
  author    = {Ashish Vaswani and
               Noam Shazeer and
               Niki Parmar and
               Jakob Uszkoreit and
               Llion Jones and
               Aidan N. Gomez and
               Lukasz Kaiser and
               Illia Polosukhin},
  editor    = {Isabelle Guyon and
               Ulrike von Luxburg and
               Samy Bengio and
               Hanna M. Wallach and
               Rob Fergus and
               S. V. N. Vishwanathan and
               Roman Garnett},
  title     = {Attention is All you Need},
  booktitle = {Advances in Neural Information Processing Systems 30: Annual Conference
               on Neural Information Processing Systems 2017, December 4-9, 2017,
               Long Beach, CA, {USA}},
  pages     = {5998--6008},
  year      = {2017},
  url       = {https://proceedings.neurips.cc/paper/2017/hash/3f5ee243547dee91fbd053c1c4a845aa-Abstract.html},
  timestamp = {Thu, 21 Jan 2021 15:15:21 +0100},
  biburl    = {https://dblp.org/rec/conf/nips/VaswaniSPUJGKP17.bib},
  bibsource = {dblp computer science bibliography, https://dblp.org}
}